@electronic{NHLBI:AotH,
  author        = {{The National Heart, Lung, and Blood Institute}},
  title         = {{How the Heart Works} - {Anatomy of the Heart}},
  year          = {n.d.},
  url           = {https://www.nhlbi.nih.gov/node/3710},
  urldate       = {2018-04-27},
}

@electronic{Taylor:Heart,
  author        = {Taylor, Tim},
  title         = {{Human Heart} â€“ {Diagram and Anatomy of the Heart}},
  organization  = {Innerbody},
  year          = {n.d.},
  url           = {http://www.innerbody.com/image/card01.html},
  urldate       = {2018-04-27},
}

@article {Lin3277,
	author 		= {Lin, Chien-Jung and Lin, Chieh-Yu and Chen, Chen-Hao and Zhou, Bin and Chang, Ching-Pin},
	title 		= {Partitioning the heart: mechanisms of cardiac septation and valve development},
	volume 		= {139},
	number 		= {18},
	pages 		= {3277--3299},
	year 		= {2012},
	doi 		= {10.1242/dev.063495},
	publisher 	= {The Company of Biologists Ltd},
	issn 		= {0950-1991},
	url			= {http://dev.biologists.org/content/139/18/3277},
    urldate		= {2018-05-29},
	journal		= {Development},
}


@electronic{Klabunde:RoSV:2015,
  author    = {Klabunde, Richard E.},
  title     = {Regulation of {Stroke Volume}},
  year      = {2015},
  url       = {http://www.cvphysiology.com/Cardiac%20Function/CF002},
  urldate   = {2018-04-27},
}

@article{Berger:MRI:2002,
  author    = {Berger, Abi},
  title     = {Magnetic resonance imaging},
  journal   = {Brit. Medical J.},
  year      = {2002},
  volume    = {324},
  number    = {7328},
  pages     = {35},
  url       = {https://www.ncbi.nlm.nih.gov/pmc/articles/PMC1121941/},
  urldate   = {2018-04-29},
}

@phdthesis{Carapella:IoTM:2013,
  title     = {Impact of tissue microstructure on a
model of cardiac electromechanics based on {MRI} data},
  school    = {Dept., Univ. Oxf.},
  address   = {Oxford},
  author    = {Carapella, Valentina},
  year      = {2013},
}

@phdthesis{Geest:MRI:2011,
  author    = {Geest, Robertus Jacobus van der},
  title     = {Automated image analysis techniques for cardiovascular magnetic resonance imaging},
  type      = {{Ph.D.} dissertation},
  school    = {Dept. Radiology, Leiden Univ.},
  address   = {Leiden},
  year      = {2011},
}

@book{geest2011automated,
  title={Automated image analysis techniques for cardiovascular magnetic resonance imaging},
  author={Geest, Robertus Jacobus van der and others},
  year={2011},
  publisher={Department of Radiology, Division of Image Processing (LKEB), Faculty of Medicine/Leiden University Medical Center (LUMC), Leiden University},
  isbn = {978-94-90858-04-9},
  note = {Note sure whether to use book or PhD dissertation. Google scholar says book, however IEEE manuals say differently}
}

@article{Ginat:CardiacImaging:2011,
  title     = {Cardiac imaging: part 1, {MR} pulse sequences, imaging planes, and basic anatomy},
  author    = {Ginat, Daniel T and Fong, Michael W and Tuttle, David J and Hobbs, Susan K and Vyas, Rajashree C},
  journal   = {Amer. J. of Roentgenology},
  volume    = {197},
  number    = {4},
  pages     = {808--815},
  year      = {2011},
  publisher = {Am Roentgen Ray Soc},
  url       = {https://www.ajronline.org/doi/pdf/10.2214/AJR.10.7231},
  urldate   = {2018-05-10},
}

@electronic{Fagella:ML:2015,
  author        = {Fagella, Daniel},
  title         = {What is {Machine Learning}? - {An Informed Definition}},
  organization  = {TechEmergence},
  year          = {2017},
  url           = {https://www.techemergence.com/what-is-machine-learning/},
  urldate       = {2018-04-27},
}

@electronic{Ng:ML,
  author        = {Ng, Andrew},
  title         = {Machine Learning},
  organization  = {Stanford University},
  year          = {n.d.},
  url           = {https://www.coursera.org/learn/machine-learning},
  urldate       = {2018-04-27},
}

@book{Mitchell:ML:1997,
  author    = {Mitchell, Tom M.},
  title     = {Machine Learning},
  publisher = {McGraw-Hill, Inc.},
  year      = {1997},
  pages     = {2},
  isbn      = {0070428077},
  url       = {https://www.cs.ubbcluj.ro/~gabis/ml/ml-books/McGrawHill%20-%20Machine%20Learning%20-Tom%20Mitchell.pdf},
  urldate   = {2018-04-25}
}

@article{Petitjean:SegMRI:2011,
  title     = {A review of segmentation methods in short axis cardiac {MR} images},
  author    = {Petitjean, Caroline and Dacher, Jean-Nicolas},
  journal   = {Medical Image Anal.},
  volume    = {15},
  number    = {2},
  pages     = {169--184},
  year      = {2011},
  publisher = {Elsevier},
  url       = {https://www.medicalimageanalysisjournal.com/article/S1361-8415(10)00134-9/abstract},
  urldate   = {2018-05-01},
}

@article{Valindria2017reverse,
  title     ={Reverse classification accuracy: predicting segmentation performance in the absence of ground truth},
  author    = {Valindria, Vanya V and Lavdas, Ioannis and Bai, Wenjia and Kamnitsas, Konstantinos and Aboagye, Eric O and Rockall, Andrea G and Rueckert, Daniel and Glocker, Ben},
  journal   = {IEEE transactions on medical imaging},
  volume    = {36},
  number    = {8},
  pages     = {1597--1606},
  year      = {2017},
  publisher = {IEEE},
  url       = {https://ieeexplore.ieee.org/abstract/document/7902121/},
  urldate   = {2018-05-01}
}

@article{konukoglu2012discriminative,
  title     = {Discriminative segmentation-based evaluation through shape dissimilarity},
  author    = {Konukoglu, Ender and Glocker, Ben and Ye, Dong Hye and Criminisi, Antonio and Pohl, Kilian M},
  journal   = {IEEE Trans. on Medical Imaging},
  volume    = {31},
  number    = {12},
  pages     = {2278--2289},
  year      = {2012},
  publisher = {IEEE},
  url       = {https://ieeexplore.ieee.org/abstract/document/6291795/},
  urldate   = {2018-05-03}
}

@article{Denning:1989,
 author     = {Comer, D. E. and Gries, David and Mulder, Michael C. and Tucker, Allen and Turner, A. Joe and Young, Paul R.},
 editor     = {Denning, Peter J.},
 title      = {Computing As a Discipline},
 journal    = {Commun. ACM},
 issue_date = {Jan. 1989},
 volume     = {32},
 number     = {1},
 month      = jan,
 year       = {1989},
 issn       = {0001-0782},
 pages      = {9--23},
 numpages   = {15},
 url        = {http://doi.acm.org/10.1145/63238.63239},
 doi        = {10.1145/63238.63239},
 acmid      = {63239},
 publisher  = {ACM},
 address    = {New York, NY, USA},
}