@ARTICLE{bowman:reasoning,
    author = {Bowman, Mic and Debray, Saumya K. and Peterson, Larry L.},
    title = {Reasoning About Naming Systems},
    journal = {ACM Trans. Program. Lang. Syst.},
    volume = {15},
    number = {5},
    pages = {795-825},
    month = {November},
    year = {1993},
    doi = {10.1145/161468.161471},
}

@ARTICLE{braams:babel,
    author = {Braams, Johannes},
    title = {Babel, a Multilingual Style-Option System for Use with LaTeX's Standard Document Styles},
    journal = {TUGboat},
    volume = {12},
    number = {2},
    pages = {291-301},
    month = {June},
    year = {1991},
}

@INPROCEEDINGS{clark:pct,
	AUTHOR = "Malcolm Clark",
	TITLE = "Post Congress Tristesse",
	BOOKTITLE = "TeX90 Conference Proceedings",
	PAGES = "84-89",
	ORGANIZATION = "TeX Users Group",
	MONTH = "March", 
	YEAR = {1991}	}

@ARTICLE{herlihy:methodology,
    author = {Herlihy, Maurice},
    title = {A Methodology for Implementing Highly Concurrent Data Objects},
    journal = {ACM Trans. Program. Lang. Syst.},
    volume = {15},
    number = {5},
    pages = {745-770},
    month = {November},
    year = {1993},
    doi = {10.1145/161468.161469},
}



@BOOK{salas:calculus,
	AUTHOR = "S.L. Salas and Einar Hille",
	TITLE = "Calculus: One and Several Variable",
	PUBLISHER = "John Wiley and Sons",
	ADDRESS = "New York",
	YEAR = "1978"	}

@MANUAL{Fear05,
  title = 	 {Publication quality tables in {\LaTeX}},
  author =	 {Simon Fear},
  month =	 {April},
  year =	 2005,
  note =	 {\url{http://www.ctan.org/pkg/booktabs}}
}

@Manual{Amsthm15,
  title = 	 {Using the amsthm Package},
  organization = {American Mathematical Society},
  month =	 {April},
  year =	 2015,
  note =	 {\url{http://www.ctan.org/pkg/amsthm}}
}
%%%%%%%%%%%%%%%%%%%%%%%%%%%%%% MY OWN %%%%%%%%%%%%%%%%%%%%%%%%%%%%%%%%%%%%%%




@inproceedings{DatasetInfo,
author = {Pogorelov, Konstantin and Randel, Kristin Ranheim and Griwodz, Carsten and Eskeland, Sigrun Losada and de Lange, Thomas and Johansen, Dag and Spampinato, Concetto and Dang-Nguyen, Duc-Tien and Lux, Mathias and Schmidt, Peter Thelin and Riegler, Michael and Halvorsen, P{\aa}l},
title = {KVASIR: A Multi-Class Image Dataset for Computer Aided Gastrointestinal Disease Detection},
booktitle = {Proceedings of the 8th ACM on Multimedia Systems Conference},
series = {MMSys'17},
year = {2017},
isbn = {978-1-4503-5002-0},
location = {Taipei, Taiwan},
pages = {164--169},
numpages = {6},
url = {http://doi.acm.org/10.1145/3083187.3083212},
doi = {10.1145/3083187.3083212},
acmid = {3083212},
publisher = {ACM},
address = {New York, NY, USA},
}


@misc{Mediaeval,
  title = {Mediaeval information},
  author= {Konstantin Pogorelov, Michael Riegler, P{\aa}l Halvorsen, Thomas de Lange, Kristin Ranheim Randel, Duc-Tien Dang-Nguyen, Mathias Lux},
  howpublished = {\url{http://multimediaeval.org/mediaeval2018/medico/}},
  note = {Accessed: 2018-10-16},
  year = 2018
}


@article{DBLP:journals/corr/DentonGF16,
  author    = {Emily L. Denton and
               Sam Gross and
               Rob Fergus},
  title     = {Semi-Supervised Learning with Context-Conditional Generative Adversarial
               Networks},
  journal   = {CoRR},
  volume    = {abs/1611.06430},
  year      = {2016},
  url       = {http://arxiv.org/abs/1611.06430},
  archivePrefix = {arXiv},
  eprint    = {1611.06430},
  timestamp = {Mon, 13 Aug 2018 16:46:07 +0200},
  biburl    = {https://dblp.org/rec/bib/journals/corr/DentonGF16},
  bibsource = {dblp computer science bibliography, https://dblp.org}
}

@article{DBLP:journals/corr/PathakKDDE16,
  author    = {Deepak Pathak and
               Philipp Kr{\"{a}}henb{\"{u}}hl and
               Jeff Donahue and
               Trevor Darrell and
               Alexei A. Efros},
  title     = {Context Encoders: Feature Learning by Inpainting},
  journal   = {CoRR},
  volume    = {abs/1604.07379},
  year      = {2016},
  url       = {http://arxiv.org/abs/1604.07379},
  archivePrefix = {arXiv},
  eprint    = {1604.07379},
  timestamp = {Mon, 13 Aug 2018 16:48:54 +0200},
  biburl    = {https://dblp.org/rec/bib/journals/corr/PathakKDDE16},
  bibsource = {dblp computer science bibliography, https://dblp.org}
}


@book{Goodfellow-et-al-2016,
    title={Deep Learning},
    author={Ian Goodfellow and Yoshua Bengio and Aaron Courville},
    publisher={MIT Press},
    note={\url{http://www.deeplearningbook.org}},
    year={2016}
}
@book{Goodfellow-et-al-2016:AE,
    title={Deep Learning},
    author={Ian Goodfellow and Yoshua Bengio and Aaron Courville},
    publisher={MIT Press},
    note={\url{http://www.deeplearningbook.org}},
    year={2016},
    chapter=14
}

@article{DBLP:journals/corr/SzegedyIV16,
  author    = {Christian Szegedy and
               Sergey Ioffe and
               Vincent Vanhoucke},
  title     = {Inception-v4, Inception-ResNet and the Impact of Residual Connections
               on Learning},
  journal   = {CoRR},
  volume    = {abs/1602.07261},
  year      = {2016},
  url       = {http://arxiv.org/abs/1602.07261},
  archivePrefix = {arXiv},
  eprint    = {1602.07261},
  timestamp = {Mon, 13 Aug 2018 16:48:39 +0200},
  biburl    = {https://dblp.org/rec/bib/journals/corr/SzegedyIV16},
  bibsource = {dblp computer science bibliography, https://dblp.org}
}

@article{AUTOENCODER,
  author    = {H. Bourlard, Y. Kamp},
  title     = {Auto-Association by Multilayer Perceptrons and Singular Value Decomposition },
  year      = {1988},
  url       = {http://ace.cs.ohio.edu/~razvan/courses/dl6890/papers/bourlard-kamp88.pdf},
  timestamp = {Mon, 22 Aug 2018 14:29:00 +0200},
}

@article{DBLP:journals/corr/SzegedyVISW15,
  author    = {Christian Szegedy and
               Vincent Vanhoucke and
               Sergey Ioffe and
               Jonathon Shlens and
               Zbigniew Wojna},
  title     = {Rethinking the Inception Architecture for Computer Vision},
  journal   = {CoRR},
  volume    = {abs/1512.00567},
  year      = {2015},
  url       = {http://arxiv.org/abs/1512.00567},
  archivePrefix = {arXiv},
  eprint    = {1512.00567},
  timestamp = {Mon, 13 Aug 2018 16:49:07 +0200},
  biburl    = {https://dblp.org/rec/bib/journals/corr/SzegedyVISW15},
  bibsource = {dblp computer science bibliography, https://dblp.org}
}

@article{DBLP:journals/corr/HeZRS15,
  author    = {Kaiming He and
               Xiangyu Zhang and
               Shaoqing Ren and
               Jian Sun},
  title     = {Deep Residual Learning for Image Recognition},
  journal   = {CoRR},
  volume    = {abs/1512.03385},
  year      = {2015},
  url       = {http://arxiv.org/abs/1512.03385},
  archivePrefix = {arXiv},
  eprint    = {1512.03385},
  timestamp = {Mon, 13 Aug 2018 16:46:56 +0200},
  biburl    = {https://dblp.org/rec/bib/journals/corr/HeZRS15},
  bibsource = {dblp computer science bibliography, https://dblp.org}
}

@inproceedings{goodfellow2014generative,
  title={Generative adversarial nets},
  author={Goodfellow, Ian and Pouget-Abadie, Jean and Mirza, Mehdi and Xu, Bing and Warde-Farley, David and Ozair, Sherjil and Courville, Aaron and Bengio, Yoshua},
  booktitle={Advances in neural information processing systems},
  pages={2672--2680},
  year={2014}
}

@article{Dropout,
  author    = {David Warde-Farley, Ian J. Goodfellow, Aaron Courville, Yoshua Bengio},
  title     = {An empirical analysis of dropout in piecewise linear networks},
  volume    = {abs/1609.05158},
  year      = {2013},
  url       = {https://arxiv.org/pdf/1312.6197v2},
  archivePrefix = {arXiv},
  eprint    = {1312.6197v2}
}


%%%%%%%%%%%%%%%% Added by Vajira %%%%%%%%%%%%%%%%%%%%



@article{Pogorelov2018,
author = {Pogorelov, Konstantin and Riegler, Michael and Halvorsen, P{\aa}l  and Lange, Thomas De and Randel, Kristin Ranheim and Dang-Nguyen, Duc-Tien and Lux, Mathias and Ostroukhova, Olga},
title = {{Medico Multimedia Task at MediaEval 2018}},
year = {2018},
note = {Draft paper for the Benchmarking Initiative for
Multimedia Evaluation: MediaEval
2018}


